@article{aberle2011reduced,
  author    = {Aberle, Denise R. and Adams, Alden M. and Berg, Christine D. and Black, William C. and Clapp, Jonathan D. and Fagerstrom, Roger M. and Gareen, Ilana F. and Gatsonis, Constantine and Marcus, Pamela M. and Sicks, Jennifer D.},
  title     = {Reduced Lung-Cancer Mortality with Low-Dose Computed Tomographic Screening},
  journal   = {New England Journal of Medicine},
  volume    = {365},
  number    = {5},
  pages     = {395--409},
  year      = {2011},
  doi       = {10.1056/NEJMoa1102873},
  url       = {https://www.nejm.org/doi/full/10.1056/NEJMoa1102873}
}

@misc{nlst_data,
  title        = {National Lung Screening Trial (NLST) - Low-Dose CT Imaging Dataset},
  author       = {{National Cancer Institute}},
  year         = {2002},
  note         = {Data collection: 2002--2009. Accessed via The Cancer Imaging Archive (TCIA), subset of NLST. Available under CC BY 4.0 License},
  howpublished = {\url{https://wiki.cancerimagingarchive.net/display/NLST}},
}

@article{glikson2020human,
  title={Human trust in artificial intelligence: Review of empirical research},
  author={Glikson, Ella and Woolley, Anita Williams},
  journal={Academy of Management Annals},
  volume={14},
  number={2},
  pages={627--660},
  year={2020},
  publisher={Briarcliff Manor, NY}
}

@article{stec2018systematic,
  title={A systematic review of fatigue in radiology: is it a problem?},
  author={Stec, Nadia and Arje, Danielle and Moody, Alan R and Krupinski, Elizabeth A and Tyrrell, Pascal N},
  journal={American Journal of Roentgenology},
  volume={210},
  number={4},
  pages={799--806},
  year={2018},
  publisher={American Roentgen Ray Society}
}

@article{taylor2019fatigue,
  title={Fatigue in radiology: a fertile area for future research},
  author={Taylor-Phillips, Sian and Stinton, Chris},
  journal={The British journal of radiology},
  volume={92},
  number={1099},
  pages={20190043},
  year={2019},
  publisher={The British Institute of Radiology.}
}

@article{liu2024artificial,
  title={Artificial intelligence and radiologist burnout},
  author={Liu, Hui and Ding, Ning and Li, Xinying and Chen, Yunli and Sun, Hao and Huang, Yuanyuan and Liu, Chen and Ye, Pengpeng and Jin, Zhengyu and Bao, Heling and others},
  journal={JAMA network open},
  volume={7},
  number={11},
  pages={e2448714--e2448714},
  year={2024},
  publisher={American Medical Association}
}

@article{guermazi2022improving,
  title={Improving radiographic fracture recognition performance and efficiency using artificial intelligence},
  author={Guermazi, Ali and Tannoury, Chadi and Kompel, Andrew J and Murakami, Akira M and Ducarouge, Alexis and Gillibert, Andr{\'e} and Li, Xinning and Tournier, Antoine and Lahoud, Youmna and Jarraya, Mohamed and others},
  journal={Radiology},
  volume={302},
  number={3},
  pages={627--636},
  year={2022},
  publisher={Radiological Society of North America}
}

@article{huynh2020artificial,
  title={Artificial intelligence in radiation oncology},
  author={Huynh, Elizabeth and Hosny, Ahmed and Guthier, Christian and Bitterman, Danielle S and Petit, Steven F and Haas-Kogan, Daphne A and Kann, Benjamin and Aerts, Hugo JWL and Mak, Raymond H},
  journal={Nature Reviews Clinical Oncology},
  volume={17},
  number={12},
  pages={771--781},
  year={2020},
  publisher={Nature Publishing Group UK London}
}

@article{de2020reduced,
  title={Reduced lung-cancer mortality with volume CT screening in a randomized trial},
  author={de Koning, Harry J and van Der Aalst, Carlijn M and de Jong, Pim A and Scholten, Ernst T and Nackaerts, Kristiaan and Heuvelmans, Marjolein A and Lammers, Jan-Willem J and Weenink, Carla and Yousaf-Khan, Uraujh and Horeweg, Nanda and others},
  journal={New England journal of medicine},
  volume={382},
  number={6},
  pages={503--513},
  year={2020},
  publisher={Mass Medical Soc}
}

@misc{eu_ai_act,
  title        = {Regulation (EU) 2024/1689 of the European Parliament and of the Council laying down harmonised rules on artificial intelligence},
  author       = {{European Parliament and Council of the European Union}},
  year         = {2024},
  howpublished = {Official Journal of the European Union (OJ L 2024/1689), adopted 13 June 2024, published 12 July 2024, entered into force 1 August 2024},
  note         = {Highâ€‘risk AI systems in healthcare are regulated under this act},
  url          = {https://eur-lex.europa.eu/eli/reg/2024/1689/oj}
}